@inproceedings{ BaaderEtAl-OWLED08DC,
  author = {Franz {Baader} and Sebastian {Brandt} and Carsten {Lutz}},
  booktitle = {In Proceedings of the OWLED 2008 DC Workshop on OWL:
    Experiences and Directions},
  editor = {Kendall {Clark} and Peter F. {Patel-Schneider}},
  title = {Pushing the $\mathcal{EL}$ Envelope Further},
  year = {2008},
}


@inproceedings{ BaaderBrandtLutz-IJCAI-05,
  address = {Edinburgh, UK},
  author = {F. {Baader} and S. {Brandt} and C. {Lutz}},
  booktitle = {Proceedings of the Nineteenth International Joint
    Conference on Artificial Intelligence {IJCAI-05}},
  publisher = {Morgan-Kaufmann Publishers},
  title = {Pushing the $\mathcal{EL}$ Envelope},
  year = {2005},
}

@phdthesis{Sunt-09,
  school = {TU Dresden},
  address = {Dresden},
  title = {Polynomial-Time Reasoning Support for Design and Maintenance of
    Large-Scale Biomedical Ontologies},
  author = {Boontawee Suntisrivaraporn},
  year = {2009}
}

@techreport{carral2013towards,
  title={Towards an Efficient Algorithm to Reason over Description Logics
    extended with Nominal Schemas},
  author={Carral, David and Wang, Cong and Hitzler, Pascal},
  year={2013},
  institution={Tech. rep., Kno. e. sis Center, Wright State University}
}

